<record><leader>00000cas a22000007a 4500</leader><controlfield tag="001">19753170</controlfield><controlfield tag="008">890523c19339999mouwr ne      0    0eng d</controlfield><datafield ind1=" " ind2=" " tag="010"><subfield code="a">sn 89066580 </subfield></datafield><datafield ind1=" " ind2=" " tag="040"><subfield code="a">MQN</subfield><subfield code="b">eng</subfield><subfield code="c">MQN</subfield><subfield code="d">OCLCQ</subfield></datafield><datafield ind1=" " ind2=" " tag="042"><subfield code="a">msc</subfield></datafield><datafield ind1="0" ind2="0" tag="245"><subfield code="a">Pierce City leader-journal.</subfield></datafield><datafield ind1=" " ind2=" " tag="260"><subfield code="a">Pierce City, Mo. :</subfield><subfield code="b">Meredith and Winifred Garten,</subfield><subfield code="c">1933-</subfield></datafield><datafield ind1=" " ind2=" " tag="300"><subfield code="a">v.</subfield></datafield><datafield ind1=" " ind2=" " tag="310"><subfield code="a">Weekly</subfield></datafield><datafield ind1="0" ind2=" " tag="362"><subfield code="a">Vol. 27, no. 21 (Aug. 31, 1933)-</subfield></datafield><datafield ind1=" " ind2=" " tag="752"><subfield code="a">United States</subfield><subfield code="b">Missouri</subfield><subfield code="c">Lawrence</subfield><subfield code="d">Pierce City.</subfield></datafield><datafield ind1="0" ind2="0" tag="780"><subfield code="t">Leader-journal (Peirce City, Mo.)</subfield><subfield code="w">(DLC)sn 89066529</subfield></datafield></record>